@article{Jaeschke2015,
author = {Jaeschke, Hartmut},
year = {2015},
month = {07},
pages = {464-71},
title = {Acetaminophen: Dose-Dependent Drug Hepatotoxicity and Acute Liver Failure in Patients},
volume = {33},
journal = {Digestive diseases (Basel, Switzerland)},
doi = {10.1159/000374090}
}
@article{Harirforoosh2013,
author = {Harirforoosh, Sam and Asghar, Waheed and Jamali, Fakhreddin},
year = {2013},
month = {12},
pages = {821-47},
title = {Adverse Effects of Nonsteroidal Antiinflammatory Drugs: An Update of Gastrointestinal, Cardiovascular and Renal Complications},
volume = {16},
journal = {Journal of pharmacy \& pharmaceutical sciences : a publication of the Canadian Society for Pharmaceutical Sciences, Société canadienne des sciences pharmaceutiques},
doi = {10.18433/J3VW2F}
}
@misc{FDA2023faers,
  author       = {{U.S. Food and Drug Administration}},
  title        = {{FDA} Adverse Event Reporting System ({FAERS}) Public Dashboard},
  year         = {2023},
  url          = {https://www.fda.gov/drugs/questions-and-answers-fdas-adverse-event-reporting-system-faers/fda-adverse-event-reporting-system-faers-public-dashboard},
  note         = {Accessed on August 16, 2025}
}
@dataset{Häyrinen2014,
author = {Häyrinen, Kristiina and Saranto, Kaija and Nykänen, Pirkko},
year = {2014},
month = {09},
pages = {},
title = {Hayrinenetal2008}
}
@article{Noy2001,
author = {Noy, N. and Mcguinness, Deborah},
year = {2001},
month = {01},
pages = {},
title = {Ontology Development 101: A Guide to Creating Your First Ontology},
volume = {32},
journal = {Knowledge Systems Laboratory}
}
@book{Pan2017exploiting,
author = {Pan, Jeff and Vetere, Guido and Gomez-Perez, Jose Manuel and Wu, Honghan},
year = {2017},
month = {01},
pages = {},
title = {Exploiting Linked Data and Knowledge Graphs in Large Organisations},
isbn = {978-3-319-45652-2},
journal = {Exploiting Linked Data and Knowledge Graphs in Large Organisations},
doi = {10.1007/978-3-319-45654-6}
}
@techreport{W3C2013sparql,
  author      = {{The W3C SPARQL Working Group}},
  title       = {SPARQL 1.1 Overview},
  institution = {World Wide Web Consortium (W3C)},
  year        = {2013},
  type        = {W3C Recommendation},
  url         = {https://www.w3.org/TR/sparql11-overview/},
  note        = {Accessed on August 16, 2025}
}
@book{WHO2002pharmacovigilance,
  author    = {{World Health Organization}},
  title     = {The Importance of Pharmacovigilance},
  subtitle  = {Safety Monitoring of Medicinal Products},
  publisher = {World Health Organization},
  year      = {2002},
  isbn      = {9241590157},
  url       = {https://iris.who.int/handle/10665/42493},
  note      = {Accessed on August 16, 2025}
}
@misc{EMBLsiderWebsite,
  author = {{European Molecular Biology Laboratory (EMBL)}},
  title  = {{SIDER}: Side Effect Resource},
  year   = {2025},
  url    = {http://sideeffects.embl.de/},
  note   = {Accessed on August 16, 2025}
}
@misc{HeGroupOntobee,
  author = {{The He Group, University of Michigan Medical School}},
  title  = {{Ontobee}: The Linked Data Server for Ontologies},
  year   = {2025},
  url    = {https://ontobee.org/},
  note   = {Accessed on August 16, 2025}
}
@misc{OBOFoundryDRON,
  author = {{The OBO Foundry}},
  title  = {The Drug Ontology},
  year   = {2025},
  url    = {https://obofoundry.org/ontology/dron.html},
  note   = {Accessed on August 16, 2025}
}
@misc{MedDRA2025,
  author = {{International Council for Harmonisation of Technical Requirements for Pharmaceuticals for Human Use (ICH)}},
  title  = {{MedDRA} - Medical Dictionary for Regulatory Activities},
  year   = {2025},
  url    = {https://www.meddra.org/},
  note   = {Accessed on August 16, 2025}
}
@misc{DrugBankWebsite,
  author = {{OMx Personal Health Analytics Inc.}},
  title  = {{DrugBank} Online},
  year   = {2025},
  url    = {https://go.drugbank.com/},
  note   = {Accessed on August 16, 2025}
}
@article{Bohm2016openvigil,
  author  = {Böhm, Roland and von Hehn, Livia and Herdegen, Thomas and Klein, Hans-Joachim and Bruhn, Ole and Drews, Jan-Hinnerk E. T. and Wilckens, Thomas},
  title   = {{OpenVigil} {FDA} – Inspection of U.S. American Adverse Drug Events Pharmacovigilance Data and Novel Clinical Applications},
  journal = {PLoS ONE},
  year    = {2016},
  volume  = {11},
  number  = {6},
  pages   = {e0157753},
  doi     = {10.1371/journal.pone.0157753}
}
@misc{li2024neuralcorrelateslogicalmathematicalsymbol,
      title={The neural correlates of logical-mathematical symbol systems processing resemble that of spatial cognition more than natural language processing}, 
      author={Yuannan Li and Shan Xu and Jia Liu},
      year={2024},
      eprint={2406.14358},
      archivePrefix={arXiv},
      primaryClass={q-bio.NC},
      url={https://arxiv.org/abs/2406.14358}, 
}
@book{Daconta2003semanticWeb,
author = {Daconta, Michael and Obrst, Leo and Smith, Kevin},
year = {2003},
month = {01},
pages = {},
title = {The Semantic Web: A Guide to the Future of XML, Web Services, and Knowledge Management},
isbn = {978-0-471-43257-9}
}
@software{requestsDocumentationHHTPForHumans,
  author  = {Kenneth Reitz},
  title   = {Requests: HTTP for Humans},
  year    = {2025},
  url     = {https://requests.readthedocs.io/en/latest/},
  note    = {Accessed on August 16, 2025}
}
@misc{pandasDocumentation,
  author = {{The pandas development team}},
  title  = {pandas documentation},
  year   = {2025},
  url    = {https://pandas.pydata.org/docs/},
  note   = {Accessed on August 16, 2025}
}
@misc{openFDA_API,
  author = {{U.S. Food and Drug Administration}},
  title  = {open{FDA} {API} Documentation},
  year   = {2025},
  url    = {https://open.fda.gov/apis/try-the-api/},
  note   = {Accessed on August 16, 2025}
}
@misc{oopsWebsite,
  author = {{Ontology Engineering Group (OEG)}},
  title  = {{OOPS! (Ontology Pitfall Scanner!)}},
  year   = {2025},
  url    = {https://oops.linkeddata.es/},
  note   = {Accessed on August 16, 2025}
}